
@book{woess2000,
  langid = {english},
  location = {{Cambridge}},
  title = {Random {{Walks}} on {{Infinite Graphs}} and {{Groups}}},
  date = {2000-02},
  year = {2000},
  publisher = {Cambridge University Press},
  author = {Woess, Wolfgang},
  doi = {10.1017/CBO9780511470967}
}


